<record><leader>00000cas a22000007a 4500</leader><controlfield tag="001">26075112</controlfield><controlfield tag="008">920624d19131915wyuwr ne      0    0eng d</controlfield><datafield ind1=" " ind2=" " tag="010"><subfield code="a">sn 92067103 </subfield></datafield><datafield ind1=" " ind2=" " tag="040"><subfield code="a">NVO</subfield><subfield code="b">eng</subfield><subfield code="c">NVO</subfield><subfield code="d">OCLCQ</subfield></datafield><datafield ind1=" " ind2=" " tag="042"><subfield code="a">msc</subfield></datafield><datafield ind1="0" ind2="4" tag="245"><subfield code="a">The Riverton review and the Riverton Republican.</subfield></datafield><datafield ind1="3" ind2="0" tag="246"><subfield code="a">Riverton review</subfield></datafield><datafield ind1=" " ind2=" " tag="260"><subfield code="a">Riverton, Fremont County, Wyo. :</subfield><subfield code="b">J. Barrett</subfield></datafield><datafield ind1=" " ind2=" " tag="300"><subfield code="a">v.</subfield></datafield><datafield ind1=" " ind2=" " tag="310"><subfield code="a">Weekly</subfield></datafield><datafield ind1="0" ind2=" " tag="362"><subfield code="a">Vol. 7, no. 10 (Aug. 22, 1913)-v. 9, no. 4 (July 2, 1915).</subfield></datafield><datafield ind1=" " ind2="4" tag="651"><subfield code="a">Riverton (Wyo.)</subfield><subfield code="v">Newspapers.</subfield></datafield><datafield ind1=" " ind2="4" tag="651"><subfield code="a">Fremont County (Wyo.)</subfield><subfield code="v">Newspapers.</subfield></datafield><datafield ind1=" " ind2=" " tag="752"><subfield code="a">United States</subfield><subfield code="b">Wyoming</subfield><subfield code="c">Fremont</subfield><subfield code="d">Riverton.</subfield></datafield><datafield ind1="0" ind2="0" tag="780"><subfield code="t">Riverton Republican (Riverton, Wyo.)</subfield><subfield code="w">(DLC)sn 92067104</subfield></datafield><datafield ind1="0" ind2="0" tag="785"><subfield code="t">Riverton review (Riverton, Wyo. : 1915)</subfield><subfield code="w">(DLC)sn 92067101</subfield></datafield><datafield ind1="1" ind2=" " tag="029"><subfield code="a">AU@</subfield><subfield code="b">000020692838</subfield></datafield></record>